@article{Lutchyn_2010,
	author = {Roman Lutchyn and Jay Sau, and Das Sarma
	},
	title = {Majorana Fermions and a Topological Phase Transition
	in Semiconductor-Superconductor Heterostructures
	},
	year = {2010},
	journal = {Phys. Rev. Lett.},
	number = {077001},
	volume = {105}	
}
@book{Majorana_1937,
author = {Ettore Majorana},
year = {1937},
title = {Teoria simmetrica dellâ€™elettrone e del positrone},
journal = {Il Nuovo Cimento}
}

@article{Oreg_2010,
author = {Yuval Oreg and  Gil Refael and  Felix von Oppen},
title = {Helical Liquids and Majorana Bound States in Quantum Wires},
year = {2010},
journal = {Phys. Rev. Lett.},
number = {177002},
volume = {105}
}

@article{quintized_conductance_Zhang,
author = { Hao Zhang and others},
title = {Quantized Majorana Conductance},
year = {2018},
journal ={Nature},
volume = {556},
pages = {74-79}
}

@article{Beenakker_three_universal,
	author = {C.W.J. Beenakker},
	title = {Three "universal" mesoscopic Josephson effects},
	year = {2004},
	journal ={Transport Phenomena in Mesoscopic Systems},
	pages  ={ 235-253},
	volume = {109}	
}

@article{Akkermans_Avron_Shapiro_scattering_matrix,
	author = {Eric Akkermans and Assa Auerbach and Joseph E. Avron and Boris Shapiro},
	title={Relation between persistent currents and the scattering matrix},
	year = {1991},
	journal={Physical Review Letters},
	volume ={66},
	pages={76}
}